% exportovane z researchgate
@inbook{Rego,
    author = {Rego, Izabel},
    year = {2015},
    month = {01},
    pages = {705-720},
    title = {Mobile language learning: How gamification improves the experience},
    doi = {10.1007/978-3-642-54146-9_76}
}

@book{Kapp,
	author = "Karl M. Kapp",
	title = "The Gamification of Learning and Instruction",
	publisher = "Pfeiffer",
	year = 2012
}

% exportovane z researchgate
@book{Werbach+Hunter,
    author = {Werbach, Kevin and Hunter, Dan},
    year = {2012},
    month = {01},
    pages = {},
    title = {For the Win: How Game Thinking can Revolutionize your Business}
}

% exportovane z google scholar
@article{Prathyusha,
  title={Role of gamification in language learning},
  author={Prathyusha, N},
  journal={International Journal of Research and Analytical Reviews (IJRAR)},
  volume={7},
  number={2},
  pages={577--583},
  year={2020}
}

@misc{Frederic,
    author = "Lardinois, Frederic",
    title = "Duolingo hires its first chief marketing officer as active user numbers stagnate but revenue grows",
    howpublished="\url{https://techcrunch.com/2018/08/01/duolingo-hires-its-first-chief-marketing-officer-asactive-user-numbers-stagnate/}",
    year="2018"
}

@misc{Duolingo,
	author = "Duolingo",
	title = "Duolingo Language Courses",
	howpublished = "\url{https://www.duolingo.com/courses/}",
    year="2022"
}

@misc{Chaykowski,
	author = "Chaykowski, Kathleen",
	title = "How ClassDojo Built One of the Most Popular Classroom Apps by Listening to Teachers",
	howpublished = "\url{https://www.forbes.com/sites/kathleenchaykowski/2017/05/22/how-classdojo-built-one-of-the-most-popular-classroom-apps-by-listening-to-teachers/#3e96d1941e5e}",
    year="2017"
}